@article{dawe2014overview,
    title={{Behavior Selection Algorithms: an Overview}},
    author={Dawe, Michael and Garolinski, S and Dicken, Luke and Humphreys, Troy},
    journal={Game AI Pro},
    pages={47--60},
    year={2014}
}

@article{champandard2014behaviour,
    title={{The Behaviour Tree Starter Kit}},
    author={Champandard, Alex J.},
    journal={Game AI Pro},
    pages={73--91},
    year={2014}
}

@misc{simpson2014behavior,
    title={{Behavior Trees for AI}},
    author={Simpson, Chris},
    year={2014},
    publisher={Gamasutra}
}

@article{pereira2015framework,
    title={{A Framework for Constrained and Adaptive Behavior-Based Agents}},
    author={Pereira, Renato de Pontes and Engel, Paulo Martins},
    journal={arXiv preprint arXiv:1506.02312},
    year={2015}
}

@inproceedings{dey2013ql,
    title={{QL-BT: Enhancing Behaviour Tree Design and Implementation with Q-Learning}},
    author={Dey, Rahul and Child, Chris},
    booktitle={IEEE Computational Intelligence in Games (CIG)},
    pages={1--8},
    year={2013},
    organization={IEEE}
}
