@article{colledanchise2015learning,
    title={{Learning of Behavior Trees for Autonomous Agents}},
    author={Colledanchise, Michele and Parasuraman, Ramviyas and {\"O}gren, Petter},
    journal={arXiv 1504.05811},
    year={2015}
}

@article{dawe2014overview,
    title={{Behavior Selection Algorithms: an Overview}},
    author={Dawe, Michael and Garolinski, S and Dicken, Luke and Humphreys, Troy},
    journal={Game AI Pro},
    pages={47--60},
    year={2014}
}

@article{champandard2014behaviour,
    title={{The Behaviour Tree Starter Kit}},
    author={Champandard, Alex J.},
    journal={Game AI Pro},
    pages={73--91},
    year={2014}
}
